<record><leader>00000cas a22000007a 4500</leader><controlfield tag="001">19865283</controlfield><controlfield tag="008">890613d19031917mouwr ne      0    0eng d</controlfield><datafield ind1=" " ind2=" " tag="010"><subfield code="a">sn 89066394 </subfield></datafield><datafield ind1=" " ind2=" " tag="040"><subfield code="a">MQN</subfield><subfield code="b">eng</subfield><subfield code="c">MQN</subfield><subfield code="d">OCLCQ</subfield></datafield><datafield ind1=" " ind2=" " tag="042"><subfield code="a">msc</subfield></datafield><datafield ind1="0" ind2="0" tag="245"><subfield code="a">Clarksville piker.</subfield></datafield><datafield ind1=" " ind2=" " tag="260"><subfield code="a">Clarksville, Mo. :</subfield><subfield code="b">Edward H. Moran</subfield></datafield><datafield ind1=" " ind2=" " tag="300"><subfield code="a">v.</subfield></datafield><datafield ind1=" " ind2=" " tag="310"><subfield code="a">Weekly</subfield></datafield><datafield ind1="1" ind2=" " tag="362"><subfield code="a">Began in 1903?</subfield></datafield><datafield ind1="0" ind2=" " tag="362"><subfield code="a">-13th year, no. 42 (Nov. 1, 1917).</subfield></datafield><datafield ind1=" " ind2=" " tag="515"><subfield code="a">Numbering changed from vols. to years with 4th year, no. 1 (Dec. 13, 1906).</subfield></datafield><datafield ind1=" " ind2=" " tag="588"><subfield code="a">Description based on: Vol. 3, no. 24 (May 24, 1906).</subfield></datafield><datafield ind1=" " ind2="4" tag="651"><subfield code="a">Clarksville (Mo.)</subfield><subfield code="v">Newspapers.</subfield></datafield><datafield ind1=" " ind2=" " tag="752"><subfield code="a">United States</subfield><subfield code="b">Missouri</subfield><subfield code="c">Pike</subfield><subfield code="d">Clarksville.</subfield></datafield><datafield ind1="0" ind2="4" tag="785"><subfield code="t">Clarksville banner-sentinel</subfield><subfield code="w">(DLC)sn 89066393</subfield></datafield></record>